@book{adams1995hitchhiker,
  title={The Hitchhiker's Guide to the Galaxy},
  author={Adams, D.},
  isbn={9781417642595},
  url={http://books.google.com/books?id=W-xMPgAACAAJ},
  year={1995},
  publisher={San Val}
}

@MISC {median_sample,
    author       = "Adam Merberg and Steven J. Miller",
    title        = "The Sample Distribution of the Median",
    howpublished = "Course Notes for Math 162: Mathematical Statistics",
    month        = "feb",
    year         = "2008",
   % note         = "https://web.williams.edu/Mathematics/sjmiller/public_html/BrownClasses/162/Handouts/MedianThm04.pdf"
}

@book{CCODA_Mirkin,
  title={Core Concepts in Data Analysis: Summarization, Correlation,
Visualization},
  author={Mirkin, B.},
  isbn={0857292862, 9780857292865},
  year={2011},
  publisher={Springer}
}